<?xml version="1.0" encoding="UTF-8"?><record xmlns="http://www.loc.gov/MARC21/slim" xmlns:cinclude="http://apache.org/cocoon/include/1.0" xmlns:zs="http://www.loc.gov/zing/srw/">
  <leader>01240cz  a2200229n  4500</leader>
  <controlfield tag="001">nb2006003520</controlfield>
  <controlfield tag="003">DLC</controlfield>
  <controlfield tag="005">20130323084630.0</controlfield>
  <controlfield tag="008">060210n| azannaabn          |a ana      </controlfield>
  <datafield tag="010" ind1=" " ind2=" ">
    <subfield code="a">nb2006003520</subfield>
    <subfield code="z">nb2006004183</subfield>
  </datafield>
  <datafield tag="035" ind1=" " ind2=" ">
    <subfield code="a">(Uk)006396306</subfield>
  </datafield>
  <datafield tag="035" ind1=" " ind2=" ">
    <subfield code="a">(OCoLC)oca06853270</subfield>
  </datafield>
  <datafield tag="040" ind1=" " ind2=" ">
    <subfield code="a">Uk</subfield>
    <subfield code="b">eng</subfield>
    <subfield code="e">rda</subfield>
    <subfield code="c">Uk</subfield>
    <subfield code="d">Uk</subfield>
    <subfield code="d">DLC-S</subfield>
    <subfield code="d">DLC</subfield>
  </datafield>
  <datafield tag="110" ind1="1" ind2=" ">
    <subfield code="a">Great Britain.</subfield>
    <subfield code="b">Exchequer and Audit Department, Northern Ireland</subfield>
  </datafield>
  <datafield tag="410" ind1="1" ind2=" ">
    <subfield code="a">Great Britain.</subfield>
    <subfield code="b">Comptroller and Auditor General for Northern Ireland</subfield>
  </datafield>
  <datafield tag="410" ind1="1" ind2=" ">
    <subfield code="w">nnea</subfield>
    <subfield code="a">Great Britain.</subfield>
    <subfield code="b">Exchequer and Audit Dept., Northern Ireland</subfield>
  </datafield>
  <datafield tag="510" ind1="1" ind2=" ">
    <subfield code="w">a</subfield>
    <subfield code="a">Northern Ireland.</subfield>
    <subfield code="b">Exchequer and Audit Department</subfield>
  </datafield>
  <datafield tag="510" ind1="1" ind2=" ">
    <subfield code="w">b</subfield>
    <subfield code="a">Great Britain.</subfield>
    <subfield code="b">Northern Ireland Audit Office</subfield>
  </datafield>
  <datafield tag="670" ind1=" " ind2=" ">
    <subfield code="a">Summary of Education and Library Boards' accounts ..., 1974-1978</subfield>
  </datafield>
  <datafield tag="670" ind1=" " ind2=" ">
    <subfield code="a">BL database, 10 Feb. 2006</subfield>
    <subfield code="b">(hdg.: Great Britain. Exchequer and Audit Department, Northern Ireland)</subfield>
  </datafield>
  <datafield tag="670" ind1=" " ind2=" ">
    <subfield code="a">OPSI website, 10 Feb. 2006:</subfield>
    <subfield code="b">Audit (Northern Ireland) Order 1987 (the Exchequer and Audit Dept. has become the Northern Ireland Audit Office; Comptroller and Auditor General for Northern Ireland)</subfield>
  </datafield>
  <datafield tag="675" ind1=" " ind2=" ">
    <subfield code="a">Northern Ireland Redundancy Fund account, 1966</subfield>
    <subfield code="a">BL auth. file, 10 Feb. 2006 (hdg.: Northern Ireland. Exchequer and Audit Dept.)</subfield>
  </datafield>
</record>